<?xml version="1.0" encoding="UTF-8"?>
<OAI-PMH xmlns="http://www.openarchives.org/OAI/2.0/" xmlns:xsi="http://www.w3.org/2001/XMLSchema-instance" xsi:schemaLocation="http://www.openarchives.org/OAI/2.0/ http://www.openarchives.org/OAI/2.0/OAI-PMH.xsd">
  <ListRecords>
    <record>
      <header>
        <identifier>aleph-publish:000695094</identifier>
      </header>
      <metadata>
        <record xmlns="http://www.ddb.de/professionell/mabxml/mabxml-1.xsd">
          <leader>00000nM2.01200024------h</leader>
          <controlfield tag="LDR">00000nM2.01200024------h</controlfield>
          <controlfield tag="FMT">MH</controlfield>
          <datafield tag="001" ind1="-" ind2="1">
            <subfield code="a">HT007063243</subfield>
          </datafield>
          <datafield tag="002" ind1="a" ind2="1">
            <subfield code="a">19991121</subfield>
          </datafield>
          <datafield tag="003" ind1="-" ind2="1">
            <subfield code="a">20130417003311</subfield>
          </datafield>
          <datafield tag="020" ind1="a" ind2="1">
            <subfield code="a">1178817-3</subfield>
            <subfield code="b">DNB</subfield>
          </datafield>
          <datafield tag="025" ind1="a" ind2="1">
            <subfield code="a">017064635</subfield>
          </datafield>
          <datafield tag="025" ind1="z" ind2="1">
            <subfield code="a">1178817-3</subfield>
          </datafield>
          <datafield tag="026" ind1="-" ind2="1">
            <subfield code="a">ZDB1178817-3</subfield>
          </datafield>
          <controlfield tag="030">b|zucz|z|||25</controlfield>
          <datafield tag="036" ind1="a" ind2="1">
            <subfield code="a">XA-NL</subfield>
          </datafield>
          <datafield tag="037" ind1="b" ind2="1">
            <subfield code="a">ger</subfield>
          </datafield>
          <controlfield tag="050">a|a|||||||||||</controlfield>
          <controlfield tag="052">pmg||||zz||||z|</controlfield>
          <datafield tag="070" ind1="-" ind2="1">
            <subfield code="a">9001</subfield>
          </datafield>
          <datafield tag="070" ind1="a" ind2="1">
            <subfield code="a">DNB</subfield>
          </datafield>
          <datafield tag="070" ind1="b" ind2="1">
            <subfield code="a">9999</subfield>
          </datafield>
          <datafield tag="200" ind1="-" ind2="1">
            <subfield code="k">Rotterdam</subfield>
            <subfield code="b">Havenbedrijf</subfield>
            <subfield code="9">(DE-588)215829-2</subfield>
          </datafield>
          <datafield tag="310" ind1="-" ind2="1">
            <subfield code="a">Port of Rotterdam magazine / Deutsche Ausgabe</subfield>
          </datafield>
          <datafield tag="331" ind1="-" ind2="1">
            <subfield code="a">Port of Rotterdam magazine</subfield>
          </datafield>
          <datafield tag="335" ind1="-" ind2="1">
            <subfield code="a">your link to European</subfield>
          </datafield>
          <datafield tag="360" ind1="-" ind2="1">
            <subfield code="a">[Deutsche Ausgabe]</subfield>
          </datafield>
          <datafield tag="370" ind1="a" ind2="1">
            <subfield code="a">[Deutsche Ausgabe]</subfield>
          </datafield>
          <datafield tag="370" ind1="a" ind2="1">
            <subfield code="a">Port of Rotterdam</subfield>
          </datafield>
          <datafield tag="370" ind1="a" ind2="1">
            <subfield code="a">Hafen-, Transport- und Logistikzeitschrift</subfield>
          </datafield>
          <datafield tag="405" ind1="-" ind2="1">
            <subfield code="a">1988,5 -</subfield>
          </datafield>
          <datafield tag="410" ind1="-" ind2="1">
            <subfield code="a">Rotterdam</subfield>
          </datafield>
          <datafield tag="412" ind1="-" ind2="1">
            <subfield code="a">Wyt</subfield>
          </datafield>
          <datafield tag="425" ind1="b" ind2="1">
            <subfield code="a">1988</subfield>
          </datafield>
          <datafield tag="505" ind1="-" ind2="1">
            <subfield code="p">Nebent.</subfield>
            <subfield code="a"> Port of Rotterdam</subfield>
          </datafield>
          <datafield tag="507" ind1="-" ind2="1">
            <subfield code="p">Zusatz anfangs</subfield>
            <subfield code="a"> Hafen-, Transport- und Logistikzeitschrift</subfield>
          </datafield>
          <datafield tag="529" ind1="z" ind2="1">
            <subfield code="p">Beil. ---&gt;</subfield>
            <subfield code="a">Rotterdam / Havenbedrijf: Nachrichten des Rotterdamer Hafens</subfield>
            <subfield code="9">HT016311740</subfield>
          </datafield>
          <datafield tag="531" ind1="z" ind2="1">
            <subfield code="p">Vorg. ---&gt;</subfield>
            <subfield code="a">Rotterdam-Europoort-Delta / Deutsche Ausgabe</subfield>
            <subfield code="9">HT006902168</subfield>
          </datafield>
          <datafield tag="542" ind1="a" ind2="1">
            <subfield code="a">0922-7148</subfield>
          </datafield>
          <datafield tag="542" ind1="a" ind2="1">
            <subfield code="a">1382-7820</subfield>
          </datafield>
          <datafield tag="673" ind1="b" ind2="1">
            <subfield code="a">Rotterdam</subfield>
            <subfield code="9">4050739-7</subfield>
          </datafield>
          <datafield tag="700" ind1="-" ind2="1">
            <subfield code="a">070</subfield>
            <subfield code="a">ZDB</subfield>
          </datafield>
          <datafield tag="700" ind1="-" ind2="1">
            <subfield code="a">380</subfield>
            <subfield code="a">ZDB</subfield>
          </datafield>
          <datafield tag="700" ind1="z" ind2="1">
            <subfield code="a">100</subfield>
          </datafield>
          <datafield tag="700" ind1="z" ind2="1">
            <subfield code="a">655</subfield>
          </datafield>
          <datafield tag="700" ind1="z" ind2="1">
            <subfield code="a">z632</subfield>
          </datafield>
          <controlfield tag="SYS">000695094</controlfield>
          <datafield tag="406" ind1="b" ind2="1">
            <subfield code="e">5</subfield>
            <subfield code="j">1988</subfield>
          </datafield>
          <datafield tag="PKO" ind1="-" ind2="1">
            <subfield code="k">Havenbedrijf</subfield>
            <subfield code="h">Rotterdam</subfield>
            <subfield code="9">(DE-588)215829-2</subfield>
          </datafield>
          <datafield tag="PKO" ind1="-" ind2="1">
            <subfield code="k">Haven</subfield>
            <subfield code="h">Rotterdam</subfield>
            <subfield code="9">(DE-588)215829-2</subfield>
          </datafield>
          <datafield tag="PKO" ind1="-" ind2="1">
            <subfield code="k">Port</subfield>
            <subfield code="h">Rotterdam</subfield>
            <subfield code="9">(DE-588)215829-2</subfield>
          </datafield>
          <datafield tag="PKO" ind1="-" ind2="1">
            <subfield code="k">Europoort</subfield>
            <subfield code="h">Rotterdam</subfield>
            <subfield code="9">(DE-588)215829-2</subfield>
          </datafield>
          <datafield tag="PKO" ind1="-" ind2="1">
            <subfield code="k">Rotterdam</subfield>
            <subfield code="b">Hafenbetrieb</subfield>
            <subfield code="9">(DE-588)215829-2</subfield>
          </datafield>
          <datafield tag="PKO" ind1="-" ind2="1">
            <subfield code="k">Städtischer Hafenbetrieb</subfield>
            <subfield code="h">Rotterdam</subfield>
            <subfield code="9">(DE-588)215829-2</subfield>
          </datafield>
          <datafield tag="PKO" ind1="-" ind2="1">
            <subfield code="k">Hafen</subfield>
            <subfield code="h">Rotterdam</subfield>
            <subfield code="9">(DE-588)215829-2</subfield>
          </datafield>
          <datafield tag="PKO" ind1="-" ind2="1">
            <subfield code="k">Rotterdam</subfield>
            <subfield code="b">Europort</subfield>
            <subfield code="9">(DE-588)215829-2</subfield>
          </datafield>
          <datafield tag="PKO" ind1="-" ind2="1">
            <subfield code="k">Europort</subfield>
            <subfield code="h">Rotterdam</subfield>
            <subfield code="9">(DE-588)215829-2</subfield>
          </datafield>
          <datafield tag="PKO" ind1="-" ind2="1">
            <subfield code="k">Rotterdam</subfield>
            <subfield code="b">Port Management</subfield>
            <subfield code="9">(DE-588)215829-2</subfield>
          </datafield>
          <datafield tag="PKO" ind1="-" ind2="1">
            <subfield code="k">Municipal Port Management</subfield>
            <subfield code="h">Rotterdam</subfield>
            <subfield code="9">(DE-588)215829-2</subfield>
          </datafield>
          <datafield tag="PKO" ind1="-" ind2="1">
            <subfield code="k">Port Management</subfield>
            <subfield code="h">Rotterdam</subfield>
            <subfield code="9">(DE-588)215829-2</subfield>
          </datafield>
          <datafield tag="PKO" ind1="-" ind2="1">
            <subfield code="k">Havenbedrijf</subfield>
            <subfield code="h">Rotterdam</subfield>
            <subfield code="9">(DE-588)215829-2</subfield>
          </datafield>
          <datafield tag="PKO" ind1="-" ind2="1">
            <subfield code="k">Haven</subfield>
            <subfield code="h">Rotterdam</subfield>
            <subfield code="9">(DE-588)215829-2</subfield>
          </datafield>
          <datafield tag="PKO" ind1="-" ind2="1">
            <subfield code="k">Port</subfield>
            <subfield code="h">Rotterdam</subfield>
            <subfield code="9">(DE-588)215829-2</subfield>
          </datafield>
          <datafield tag="PKO" ind1="-" ind2="1">
            <subfield code="k">Europoort</subfield>
            <subfield code="h">Rotterdam</subfield>
            <subfield code="9">(DE-588)215829-2</subfield>
          </datafield>
          <datafield tag="PKO" ind1="-" ind2="1">
            <subfield code="k">Rotterdam</subfield>
            <subfield code="b">Hafenbetrieb</subfield>
            <subfield code="9">(DE-588)215829-2</subfield>
          </datafield>
          <datafield tag="PKO" ind1="-" ind2="1">
            <subfield code="k">Städtischer Hafenbetrieb</subfield>
            <subfield code="h">Rotterdam</subfield>
            <subfield code="9">(DE-588)215829-2</subfield>
          </datafield>
          <datafield tag="PKO" ind1="-" ind2="1">
            <subfield code="k">Hafen</subfield>
            <subfield code="h">Rotterdam</subfield>
            <subfield code="9">(DE-588)215829-2</subfield>
          </datafield>
          <datafield tag="PKO" ind1="-" ind2="1">
            <subfield code="k">Rotterdam</subfield>
            <subfield code="b">Europort</subfield>
            <subfield code="9">(DE-588)215829-2</subfield>
          </datafield>
          <datafield tag="PKO" ind1="-" ind2="1">
            <subfield code="k">Europort</subfield>
            <subfield code="h">Rotterdam</subfield>
            <subfield code="9">(DE-588)215829-2</subfield>
          </datafield>
          <datafield tag="PKO" ind1="-" ind2="1">
            <subfield code="k">Rotterdam</subfield>
            <subfield code="b">Port Management</subfield>
            <subfield code="9">(DE-588)215829-2</subfield>
          </datafield>
          <datafield tag="PKO" ind1="-" ind2="1">
            <subfield code="k">Municipal Port Management</subfield>
            <subfield code="h">Rotterdam</subfield>
            <subfield code="9">(DE-588)215829-2</subfield>
          </datafield>
          <datafield tag="PKO" ind1="-" ind2="1">
            <subfield code="k">Port Management</subfield>
            <subfield code="h">Rotterdam</subfield>
            <subfield code="9">(DE-588)215829-2</subfield>
          </datafield>
          <datafield tag="PKO" ind1="-" ind2="1">
            <subfield code="k">Havenbedrijf</subfield>
            <subfield code="h">Rotterdam</subfield>
            <subfield code="9">(DE-588)215829-2</subfield>
          </datafield>
          <datafield tag="PKO" ind1="-" ind2="1">
            <subfield code="k">Haven</subfield>
            <subfield code="h">Rotterdam</subfield>
            <subfield code="9">(DE-588)215829-2</subfield>
          </datafield>
          <datafield tag="PKO" ind1="-" ind2="1">
            <subfield code="k">Port</subfield>
            <subfield code="h">Rotterdam</subfield>
            <subfield code="9">(DE-588)215829-2</subfield>
          </datafield>
          <datafield tag="PKO" ind1="-" ind2="1">
            <subfield code="k">Europoort</subfield>
            <subfield code="h">Rotterdam</subfield>
            <subfield code="9">(DE-588)215829-2</subfield>
          </datafield>
          <datafield tag="PKO" ind1="-" ind2="1">
            <subfield code="k">Rotterdam</subfield>
            <subfield code="b">Hafenbetrieb</subfield>
            <subfield code="9">(DE-588)215829-2</subfield>
          </datafield>
          <datafield tag="PKO" ind1="-" ind2="1">
            <subfield code="k">Städtischer Hafenbetrieb</subfield>
            <subfield code="h">Rotterdam</subfield>
            <subfield code="9">(DE-588)215829-2</subfield>
          </datafield>
          <datafield tag="PKO" ind1="-" ind2="1">
            <subfield code="k">Hafen</subfield>
            <subfield code="h">Rotterdam</subfield>
            <subfield code="9">(DE-588)215829-2</subfield>
          </datafield>
          <datafield tag="PKO" ind1="-" ind2="1">
            <subfield code="k">Rotterdam</subfield>
            <subfield code="b">Europort</subfield>
            <subfield code="9">(DE-588)215829-2</subfield>
          </datafield>
          <datafield tag="PKO" ind1="-" ind2="1">
            <subfield code="k">Europort</subfield>
            <subfield code="h">Rotterdam</subfield>
            <subfield code="9">(DE-588)215829-2</subfield>
          </datafield>
          <datafield tag="PKO" ind1="-" ind2="1">
            <subfield code="k">Rotterdam</subfield>
            <subfield code="b">Port Management</subfield>
            <subfield code="9">(DE-588)215829-2</subfield>
          </datafield>
          <datafield tag="PKO" ind1="-" ind2="1">
            <subfield code="k">Municipal Port Management</subfield>
            <subfield code="h">Rotterdam</subfield>
            <subfield code="9">(DE-588)215829-2</subfield>
          </datafield>
          <datafield tag="PKO" ind1="-" ind2="1">
            <subfield code="k">Port Management</subfield>
            <subfield code="h">Rotterdam</subfield>
            <subfield code="9">(DE-588)215829-2</subfield>
          </datafield>
          <datafield tag="078" ind1="r" ind2=" ">
            <subfield code="a">aus</subfield>
          </datafield>
          <datafield tag="200" ind1=" " ind2=" ">
            <subfield code="e">Ausgesondert</subfield>
            <subfield code="f">P 30/49 p 30</subfield>
          </datafield>
          <datafield tag="OWN" ind1=" " ind2=" ">
            <subfield code="a">P0001</subfield>
          </datafield>
          <datafield tag="PLK" ind1=" " ind2=" ">
            <subfield code="a">PAR</subfield>
            <subfield code="l">PAD01</subfield>
            <subfield code="b">000692194</subfield>
            <subfield code="m">Später unter dem Titel:^Port of Rotterdam magazine / Deutsche Ausgabe.^1988</subfield>
            <subfield code="n">Früher unter dem Titel:^Rotterdam-Europoort-Delta / Deutsche Ausgabe.^1967</subfield>
          </datafield>
        </record>
      </metadata>
    </record>
  </ListRecords>
</OAI-PMH>
